@article{pearce19,
  title   = "The Gaussian Process Prior VAE for Interpretable Latent Dynamics from Pixels",
  author  = "Michael Pearce",
  journal = "2nd Symposioum on Advances in Approximate Bayesian Inference",
  year    = 2019
}